@article{fika_inverse_kinematics,
	author    = {Oscar Carbajal-Espinosa, Leobardo Campos-Macías, Miriam Díaz-Rodríguez}, % Replace with actual authors
	title     = {FIKA: A Conformal Geometric Algebra Approach to a Fast Inverse Kinematics Algorithm for an Anthropomorphic Robotic Arm},
	journal   = {Machines}, % Replace with actual journal name
	year      = {2024}, % Replace with actual year
	volume    = {12}, % Replace with actual volume
	number    = {78}, % Replace with actual number
	pages     = {1-6}, % Replace with actual pages
	doi       = {https://doi.org/10.3390/machines12010078}, % Replace with DOI if available
	url       = {https://www.mdpi.com/2075-1702/12/1/78} % Replace with URL if available
}

@article{fanuc_crx_geometric_kinematics,
	author    = {Manel Abbes, Gérard Poisson}, % Replace with actual authors
	title     = {Geometric Approach for Inverse Kinematics of the FANUC CRX Collaborative Robot},
	journal   = {robotics}, % Replace with actual journal name
	year      = {2024}, % Replace with actual year
	volume    = {13}, % Replace with actual volume
	number    = {}, % Replace with actual number
	pages     = {}, % Replace with actual pages
	doi       = {https://doi.org/10.3390/robotics13060091}, % Replace with DOI if available
	url       = {https://www.mdpi.com/2218-6581/13/6/91} % Replace with URL if available
}


@article{skpso_inverse_kinematics,
	author    = {Fei Liu, Changqin Gao, Lisha Liu}, % Replace with actual authors
	title     = {SK-PSO: A Particle Swarm Optimization Framework with SOM and K-Means for Inverse Kinematics of Manipulators},
	journal   = {symmetry}, % Replace with actual journal name
	year      = {2024}, % Replace with actual year
	volume    = {16}, % Replace with actual volume
	number    = {}, % Replace with actual number
	pages     = {}, % Replace with actual pages
	doi       = {https://doi.org/10.3390/sym16121667}, % Replace with DOI if available
	url       = {https://www.mdpi.com/2073-8994/16/12/1667} % Replace with URL if available
}

@article{MEMS,
	author       = {Seyyedeh Shirin Saberhosseini, Bahram Azizollah Ganji},
	title        = {Design and simulation of a variable MEMS capacitor for tunable HMSIW resonator},
	language     = {English},
	journal      = {IET Circuits, Devices and Systems},
	year         = {2020},
	url          = {https://doi.org/10.1049/iet-cds.2019.0511},
}

@manual{offsetMPU,
  author    = {Invensense},
  title     = {MPU Hardware Offset Registers Application Note},
  language  = {English},
  edition   = {1.0},
  organization = {Invensense Corporation},
  address   = {San Jose, USA},
  year      = {2014}
}

@manual{registermap,
	author    = {Invensense},
	title     = {MPU6000 and MPU9250 Register Map and Descriptions},
	language  = {English},
	edition   = {1.4},
	organization = {Invensense Corporation},
	address   = {San Jose, USA},
	year      = {2013}
}

@manual{userguideMotionDriver,
  author    = {Invensense},
  title     = {Motion Driver 6.12 – User Guide},
  language  = {English},
  edition   = {1.2},
  organization = {Invensense Corporation},
  address   = {Sunnyvale, USA},
  year      = {2015}
}

@mastersthesis{cuaternion,
  author = {Francisco Javier Somma},
  title	= {Cuaterniones y ángulos de Euler para describir rotaciones en $R^3$},
  language  = {Spanish},
  type = {Tesis de Licenciatura},
  school = {Facultad de Tecnología Informática - Universidad Abierta Interamericana},
  address = {Buenos Aires, Argentina},
  month = {Diciembre},
  year = {2018},
  url = {Disponible en \url{https://imgbiblio.vaneduc.edu.ar/fulltext/files/TC126683.pdf}}
}

@misc{tailtbryan,
	author = {MathWorks},
	title = {Spatial Representation: Coordinate Systems and Conventions},
	year = {2025},
	url = {https://la.mathworks.com/help/fusion/gs/spatial-representation-coordinate-systems-and-conventions.html},
	note = {Consultado el: 20 de septiembre de 2024}
}